@inproceedings{ali2020cheating,
  title={Cheating Death: A Statistical Survival Analysis of Publicly Available Python Projects},
  author={Ali, Rao Hamza and Parlett-Pelleriti, Chelsea and Linstead, Erik},
  booktitle={Proceedings of the 17th International Conference on Mining Software Repositories},
  pages={6--10},
  year={2020}
}

