@inproceedings{ali2020cheating,
  title={Cheating Death: A Statistical Survival Analysis of Publicly Available Python Projects},
  author={Ali, Rao Hamza and Parlett-Pelleriti, Chelsea and Linstead, Erik},
  booktitle={Proceedings of the 17th International Conference on Mining Software Repositories},
  pages={6--10},
  year={2020}
}

@article{kelter2020bayesian,
  title={Bayesian survival analysis in STAN for improved measuring of uncertainty in parameter estimates},
  author={Kelter, Riko},
  journal={Measurement: Interdisciplinary Research and Perspectives},
  volume={18},
  number={2},
  pages={101--109},
  year={2020},
  publisher={Taylor \& Francis}
}

@inproceedings{pietri2019software,
  title={The Software Heritage graph dataset: public software development under one roof},
  author={Pietri, Antoine and Spinellis, Diomidis and Zacchiroli, Stefano},
  booktitle={2019 IEEE/ACM 16th International Conference on Mining Software Repositories (MSR)},
  pages={138--142},
  year={2019},
  organization={IEEE}
}

