@inproceedings{ortega2009survival,
  title={Survival analysis in open development projects},
  author={Ortega, Felipe and Izquierdo-Cortazar, Daniel},
  booktitle={2009 ICSE Workshop on Emerging Trends in Free/Libre/Open Source Software Research and Development},
  pages={7--12},
  year={2009},
  organization={IEEE}
}

@article{samoladas2010survival,
  title={Survival analysis on the duration of open source projects},
  author={Samoladas, Ioannis and Angelis, Lefteris and Stamelos, Ioannis},
  journal={Information and Software Technology},
  volume={52},
  number={9},
  pages={902--922},
  year={2010},
  publisher={Elsevier}
}

@inproceedings{lin2017developer,
  title={Developer turnover in global, industrial open source projects: Insights from applying survival analysis},
  author={Lin, Bin and Robles, Gregorio and Serebrenik, Alexander},
  booktitle={2017 IEEE 12th International Conference on Global Software Engineering (ICGSE)},
  pages={66--75},
  year={2017},
  organization={IEEE}
}

@article{sentas2008statistical,
  title={A statistical framework for analyzing the duration of software projects},
  author={Sentas, Panagiotis and Angelis, Lefteris and Stamelos, Ioannis},
  journal={Empirical Software Engineering},
  volume={13},
  number={2},
  pages={147--184},
  year={2008},
  publisher={Springer}
}

@article{efron1988logistic,
  title={Logistic regression, survival analysis, and the Kaplan-Meier curve},
  author={Efron, Bradley},
  journal={Journal of the American statistical Association},
  volume={83},
  number={402},
  pages={414--425},
  year={1988},
  publisher={Taylor \& Francis}
}